@IEEEtranBSTCTL{IEEEexample:BSTcontrol,
CTLuse_article_number    = "yes",
CTLuse_paper             = "yes",
CTLuse_url               = "yes",
CTLuse_forced_etal       = "no",
CTLmax_names_forced_etal = "2",
CTLnames_show_etal       = "1",
CTLuse_alt_spacing       = "yes",
CTLalt_stretch_factor    = "4",
CTLdash_repeated_names   = "no",
}

@article{Kitamura2016taslp,
author = {Kitamura, Daichi and Ono, Nobutaka and Sawada, Hiroshi and Kameoka, Hirokazu and Saruwatari, Hiroshi},
journal = IEEE_J_ASLP,
number = {9},
pages = {1626--1641},
title = {Determined Blind Source Separation Unifying Independent Vector Analysis and Nonnegative Matrix Factorization},
volume = {24},
year = {2016}
}

@inproceedings{Kitamura2016IWAENC,
author = {Kitamura, Daichi and Ono, Nobutaka and Saruwatari, Hiroshi and Takahashi, Yu and Kondo, Kazunobu},
booktitle = IWAENC,
doi = {10.1109/IWAENC.2016.7602901},
isbn = {978-1-5090-2007-2},
pages = {1--5},
title = {Discriminative and reconstructive basis training for audio source separation with semi-supervised nonnegative matrix factorization},
year = {2016}
}
