@STRING{IEEE_J_ASLP       = {{IEEE/ACM} Trans. Audio, Speech, Lang. Process.}}
@STRING{IEEE_J_ASL        = {{IEEE} Trans. Audio, Speech, Lang. Process.}}
@STRING{IEEE_J_SAP        = {{IEEE} Trans. Speech Audio Process.}}
@STRING{IEEE_C_MLSP        = {Proc. {IEEE} Int. Workshop Mach. Learn. Signal Process.}}
@STRING{IEEE_C_WASPAA        = {Proc. {IEEE} Workshop Appl. Signal Process. Audio Acoust.}}
@STRING{IEEE_C_ICASSP        = {Proc. {IEEE} Int. Conf. Acoust. Speech, Signal Process.}}
@STRING{IWAENC        = {Proc. Int. Workshop Acoust. Signal Enhancement}}
@STRING{NEURAL        = {Neural Comput.}}
@STRING{IEEE_J_IP         = "{IEEE} Trans. Image Process."}
@STRING{LVA_SS            = "Proc. Int. Conf. Latent Variable Anal. Signal Separation"}
@STRING{ICA               = "Proc. Int. Conf. Ind. Compon. Anal. Signal Separation"}
@STRING{NIPS              = "Proc. Adv. Neural Inf. Process. Syst."}
@STRING{NATURE              = "Nature"}
@STRING{NEURO             = "Neurocomputing"}
@STRING{LREC             = {Proc. Int. Conf. Lang. Resources Evaluation}}
@STRING{IEICE_T_F        = {{IEICE Trans. Fundam.}}}
@STRING{EUSIPCO        = {{Proc. Eur. Signal Process. Conf.}}}
@STRING{IEEJ_J_EEE = {IEEJ Trans. Electr. Electron. Eng.}}
@STRING{J_EL = {Electron. Lett.}}
@STRING{CAMSAP = {Proc. Int. Workshop Comput. Adv. Multi-Sensor Adaptive Process.}}
@STRING{ICACOUST = {Proc. Int. Congress Acoust.}}
@STRING{SIGPROC = {{Signal Process.}}}
@STRING{ANN_OR = {{Ann. Operat. Res.}}}
@STRING{IEEE_J_SP        = {{IEEE} Trans. Signal Process.}}
@STRING{SICE = {{Proc. SICE Annu. Conf.}}}
