@STRING{IEEE_J_ASLP       = {{IEEE/ACM Trans. ASLP}}}
@STRING{IEEE_J_ASL        = {{IEEE Trans. ASLP}}}
@STRING{IEEE_J_SAP        = {{IEEE Trans. SAP}}}
@STRING{IEEE_C_MLSP        = {Proc. {MLSP}}}
@STRING{IEEE_C_WASPAA        = {Proc. {WASPAA}}}
@STRING{IEEE_C_ICASSP        = {Proc. {ICASSP}}}
@STRING{IWAENC        = {Proc. {IWAENC}}}
@STRING{NEURAL        = {Neural Comput.}}
@STRING{IEEE_J_IP         = "{IEEE} Trans. Image Process."}
@STRING{LVA_SS            = "Proc. {LVA/ICA}"}
@STRING{ICA               = "Proc. {ICA}"}
@STRING{NIPS              = "Proc. {NIPS}"}
@STRING{NATURE              = "Nature"}
@STRING{NEURO             = "Neurocomputing"}
@STRING{LREC             = "Proc. LREC"}
@STRING{IEICE_T_F        = {{IEICE Trans. Fundam.}}}
@STRING{EUSIPCO        = {{Proc. EUSIPCO}}}
@STRING{IEEJ_J_EEE = {IEEJ Trans. Electr. Electron. Eng.}}
@STRING{J_EL = {Electron. Lett.}}
@STRING{CAMSAP = {Proc. CAMSAP}}
@STRING{ICACOUST = {{Proc. Int. Congress Acoust.}}}
@STRING{SIGPROC = {{Signal Process.}}}
@STRING{ANN_OR = {{Ann. Operat. Res.}}}
@STRING{IEEE_J_SP        = {{IEEE} Trans. Signal Process.}}
@STRING{SICE = {{Proc. SICE Annu. Conf.}}}
