@STRING{IEEE_J_ASLP       = {{IEEE/ACM} Transactions on Audio, Speech, and Language Processing}}
@STRING{IEEE_J_ASL        = {{IEEE} Transactions on Audio, Speech, and Language Processing}}
@STRING{IEEE_J_SAP        = {{IEEE} Transactions on Speech Audio Processing}}
@STRING{IEEE_C_MLSP        = {Proceedings of {IEEE} International Workshop on Machine Learning for Signal Processing}}
@STRING{IEEE_C_WASPAA        = {Proceedings of {IEEE} Workshop on Applications of Signal Processing to Audio and Acoustics}}
@STRING{IEEE_C_ICASSP        = {Proceedings of {IEEE} International Conference on Acousttics, Speech, and Signal Processing}}
@STRING{IWAENC        = {Proceedings of International Workshop on Acoustic Signal Enhancement}}
@STRING{NEURAL        = {Neural Computation}}
@STRING{IEEE_J_IP         = "{IEEE} Transactions on Image Processing"}
@STRING{LVA_SS            = "Proceedings of International Conference on Latent Variable Analysis and Signal Separation"}
@STRING{ICA               = "Proceedings of International Conference on Independent Component Analysis and Signal Separation"}
@STRING{NIPS              = "Proceedings of Advances in Neural Information Processing Systems"}
@STRING{NATURE              = "Nature"}
@STRING{NEURO             = "Neurocomputing"}
@STRING{LREC             = {Proceedings of International Conference on Language Resources and Evaluation}}
@STRING{IEICE_T_F        = {{IEICE Transactions on  Fundamentals}}}
@STRING{EUSIPCO        = {{Proceedings of Europian Signal Processing Conference}}}
@STRING{IEEJ_J_EEE = {IEEJ Transactions on Electrical and Electronic Engineering}}
@STRING{J_EL = {Electronics Letters}}
@STRING{CAMSAP = {Proceedings of {IEEE} International Workshop on Computational Advances in Multi-Sensor Adaptive Processing}}
@STRING{ICACOUST = {Proceedings of International Congress on Acoustics}}
@STRING{SIGPROC = {{Signal Processing}}}
@STRING{ANN_OR = {{Annals of Operations Research}}}
@STRING{IEEE_J_SP        = {{IEEE} Transactions on Signal Processing}}
@STRING{SICE     = {Proceedings of the {SICE} Annual Conference}}
@STRING{APSIPA = {Asia-Pacific Signal and Information Processing Association Annual Summit and Conference} }
